@inproceedings{
Abney91,
    author    = {Steven Abney},
    title     = {{Parsing By Chunks}},
    booktitle = {{Principle-Based Parsing}},
    year      = {1991},
    pages     = {257--278},
    publisher = {Kluwer Academic Publishers}
}

@inproceedings{
agrawal1995mining,
    title        = {{Mining sequential patterns}},
    author       = {Agrawal, Rakesh and Srikant, Ramakrishnan},
    booktitle    = {{Data Engineering, 1995. Proceedings of the Eleventh International Conference on}},
    pages        = {3--14},
    year         = {1995},
    organization = {IEEE}
}

@article{
al2017biomedical,
    title={{A Biomedical Named Entity Recognition Using Machine Learning Classifiers and Rich Feature Set}},
    author={Al-Hegami, Ahmed Sultan and Othman, Ameen Mohammed Farea and Bagash, Fuad Tarbosh},
    journal={International Journal of Computer Science and Network Security (IJCSNS)},
    volume={17},
    number={1},
    pages={170},
    year={2017},
    publisher={International Journal of Computer Science and Network Security}
}

@inproceedings{
alex2007recognising,
  title={{Recognising nested named entities in biomedical text}},
  author={Alex, Beatrice and Haddow, Barry and Grover, Claire},
  booktitle={Proceedings of the Workshop on BioNLP 2007: Biological, Translational, and Clinical Language Processing},
  pages={65--72},
  year={2007},
  organization={Association for Computational Linguistics}
}

@inproceedings{
alex2010agile,
    title        = {{Agile corpus annotation in practice: An overview of manual and automatic annotation of cvs}},
    author       = {Alex, Bea and Grover, Claire and Shen, Rongzhou and Kabadjov, Mijail},
    booktitle    = {{Proceedings of the Fourth Linguistic Annotation Workshop}},
    pages        = {29--37},
    year         = {2010},
    organization = {Association for Computational Linguistics}
}

@article{
angluin1987learning,
    title     = {{Learning regular sets from queries and counterexamples}},
    author    = {Angluin, Dana},
    journal   = {Information and computation},
    volume    = {75},
    number    = {2},
    pages     = {87--106},
    year      = {1987},
    publisher = {Elsevier}
}

@article{
appeltans2012magnitude,
    title     = {{The magnitude of global marine species diversity}},
    author    = {Appeltans, Ward and Ahyong, Shane T and Anderson, Gary and Angel, Martin V and Artois, Tom and Bailly, Nicolas and Bamber, Roger and Barber, Anthony and Bartsch, Ilse and Berta, Annalisa and others},
    journal   = {Current Biology},
    volume    = {22},
    number    = {23},
    pages     = {2189--2202},
    year      = {2012},
    publisher = {Elsevier}
}

@article{
arun2004,
    title   = {{Statistical parsing of the French treebank}},
    author  = {Arun, Abhishek},
    journal = {A thesis for Master of Science, Cognitive Science and Natural Language, School of Informatics, University of Edinburgh},
    year    = {2004}
}

@article{
augenstein2017generalisation,
    title   = {{Generalisation in named entity recognition: A quantitative analysis}},
    author  = {Augenstein, Isabelle and Derczynski, Leon and Bontcheva, Kalina},
    journal = {arXiv preprint arXiv:1701.02877},
    year    = {2017}
}

@incollection{
auer2007dbpedia,
    title     = {{Dbpedia: A nucleus for a web of open data}},
    author    = {Auer, Sören and Bizer, Christian and Kobilarov, Georgi and Lehmann, Jens and Cyganiak, Richard and Ives, Zachary},
    booktitle = {{The semantic web}},
    pages     = {722--735},
    year      = {2007},
    publisher = {Springer}
}

@article{
bach2007review,
    title   = {{A review of relation extraction}},
    author  = {Bach, Nguyen and Badaskar, Sameer},
    journal = {Literature review for Language and Statistics II},
    year    = {2007}
}

@inproceedings{
baldridge2004active,
  title={{Active Learning and the Total Cost of Annotation.}},
  author={Baldridge, Jason and Osborne, Miles},
  booktitle={EMNLP},
  pages={9--16},
  year={2004}
}

@article{
baroni2009wacky,
    title     = {{The WaCky wide web: a collection of very large linguistically processed web-crawled corpora}},
    author    = {Baroni, Marco and Bernardini, Silvia and Ferraresi, Adriano and Zanchetta, Eros},
    journal   = {Language resources and evaluation},
    volume    = {43},
    number    = {3},
    pages     = {209--226},
    year      = {2009},
    publisher = {Springer}
}

@article{
baum1966statistical,
    title     = {{Statistical inference for probabilistic functions of finite state Markov chains}},
    author    = {Baum, Leonard E. and Petrie, Ted},
    journal   = {The annals of mathematical statistics},
    volume    = {37},
    number    = {6},
    pages     = {1554--1563},
    year      = {1966},
    publisher = {JSTOR}
}

@article{
baum1972equality,
    title   = {{An equality and associated maximization technique in statistical estimation for probabilistic functions of Markov processes}},
    author  = {Baum, Leonard E},
    journal = {Inequalities},
    volume  = {3},
    pages   = {1--8},
    year    = {1972}
}

@article{
baum1991neural,
    title     = {{Neural net algorithms that learn in polynomial time from examples and queries}},
    author    = {Baum, Eric B},
    journal   = {IEEE Transactions on Neural Networks},
    volume    = {2},
    number    = {1},
    pages     = {5--19},
    year      = {1991},
    publisher = {IEEE}
}

@article{
bejvcek2010annotation,
  title={{Annotation of multiword expressions in the Prague dependency treebank}},
  author={Bejček, Eduard and Straňák, Pavel},
  journal={Language Resources and Evaluation},
  volume={44},
  number={1-2},
  pages={7--21},
  year={2010},
  publisher={Springer}
}

@article{
bengio1994learning,
    title     = {{Learning long-term dependencies with gradient descent is difficult}},
    author    = {Bengio, Yoshua and Simard, Patrice and Frasconi, Paolo},
    journal   = {IEEE transactions on neural networks},
    volume    = {5},
    number    = {2},
    pages     = {157--166},
    year      = {1994},
    publisher = {IEEE}
}

@article{
bengio2003neural,
    title   = {{A neural probabilistic language model}},
    author  = {Bengio, Yoshua and Ducharme, Réjean and Vincent, Pascal and Jauvin, Christian},
    journal = {Journal of machine learning research},
    volume  = {3},
    number  = {Feb},
    pages   = {1137--1155},
    year    = {2003}
}

@inproceedings{
bollacker2008freebase,
    title        = {{Freebase: a collaboratively created graph database for structuring human knowledge}},
    author       = {Bollacker, Kurt and Evans, Colin and Paritosh, Praveen and Sturge, Tim and Taylor, Jamie},
    booktitle    = {{Proceedings of the 2008 ACM SIGMOD international conference on Management of data}},
    pages        = {1247--1250},
    year         = {2008},
    organization = {AcM}
}

@article{
brown1992class,
    title     ={Class-based n-gram models of natural language},
    author    ={Brown, Peter F and Desouza, Peter V and Mercer, Robert L and Pietra, Vincent J Della and Lai, Jenifer C},
    journal   ={Computational linguistics},
    volume    ={18},
    number    ={4},
    pages     ={467--479},
    year      ={1992},
    publisher ={MIT Press}
}

@article{
bunescu2002extracting,
    title   = {{Extracting gene and protein names from biomedical abstracts}},
    author  = {Bunescu, Razvan and Ge, Ruifang and Mooney, Raymond J and Marcotte, Edward and Ramani, Arun Kumar},
    journal = {Unpublished Technical Note, Available from http://www.cs.utexas.edu/users/ml/publication/ie.html},
    year    = {2002}
}

@article{
bunescu2005comparative,
    title     = {{Comparative experiments on learning information extractors for proteins and their interactions}},
    author    = {Bunescu, Razvan and Ge, Ruifang and Kate, Rohit J and Marcotte, Edward M and Mooney, Raymond J and Ramani, Arun K and Wong, Yuk Wah},
    journal   = {Artificial intelligence in medicine},
    volume    = {33},
    number    = {2},
    pages     = {139--155},
    year      = {2005},
    publisher = {Elsevier}
}

@inproceedings{
bunescu2005,
    title        = {{A shortest path dependency kernel for relation extraction}},
    author       = {Bunescu, Razvan C and Mooney, Raymond J},
    booktitle    = {{Proceedings of the conference on Human Language Technology and Empirical Methods in Natural Language Processing}},
    pages        = {724--731},
    year         = {2005},
    organization = {Association for Computational Linguistics}
}

@phdthesis{
cahn2017chatbot,
  title={{CHATBOT: Architecture, Design, \& Development}},
  author={Cahn, Jack},
  year={2017},
  school={University of Pennsylvania}
}

@inproceedings{
campos2013chemical,
    title     = {{Chemical name recognition with harmonized feature-rich conditional random fields}},
    author    = {Campos, David and Matos, Sérgio and Oliveira, José Luís},
    booktitle = {{BioCreative Challenge Evaluation Workshop}},
    volume    = {2},
    pages     = {82},
    year      = {2013}
}

@article{
chappelier1998generalized,
    title     = {{A Generalized CYK Algorithm for Parsing Stochastic CFG}},
    author    = {Chappelier, Jean-C{\'e}dric and Rajman, Martin and others},
    journal   = {TAPD},
    volume    = {98},
    number    = {133-137},
    pages     = {5},
    year      = {1998},
    publisher = {Citeseer}
}

@article{
chinchor1993evaluating,
    title     = {{Evaluating message understanding systems: an analysis of the third message understanding conference (MUC-3)}},
    author    = {Chinchor, Nancy and Lewis, David D and Hirschman, Lynette},
    journal   = {Computational linguistics},
    volume    = {19},
    number    = {3},
    pages     = {409--449},
    year      = {1993},
    publisher = {MIT Press}
}

@article{
chvatal1979greedy,
    title     = {{A greedy heuristic for the set-covering problem}},
    author    = {Chvatal, Vasek},
    journal   = {Mathematics of operations research},
    volume    = {4},
    number    = {3},
    pages     = {233--235},
    year      = {1979},
    publisher = {INFORMS}
}

@inproceedings{
cellier2010fouille,
    title     = {{Fouille de données séquentielle d'itemsets pour l'apprentissage de patrons linguistiques}},
    author    = {Cellier, Peggy and Charnois, Thierry},
    booktitle = {{17e conférence sur le Traitement Automatique des Langues Naturelles (TALN 2010)}},
    pages     = {6--pages},
    year      = {2010}
}

@article{
chanet2004frequence,
    title     = {{Fréquence des marqueurs discursifs en français parlé: quelques problèmes de méthodologie}},
    author    = {Chanet, Catherine},
    journal   = {Recherches sur le français parlé},
    volume    = {18},
    pages     = {83--106},
    year      = {2004},
    publisher = {Université de Provence}
}

@article{
chapman2009numbers,
    title     = {{Numbers of living species in Australia and the world}},
    author    = {Chapman, Arthur D and others},
    year      = {2009},
    publisher = {Department of the Environment, Water, Heritage and the Arts Canberra}
}

@inproceedings{
chen2014fast,
    title     = {{A Fast and Accurate Dependency Parser using Neural Networks}},
    author    = {Chen, Danqi and Manning, Christopher D},
    booktitle = {{EMNLP}},
    pages     = {740--750},
    year      = {2014}
}

@article{
chiu2015named,
    title   = {{Named entity recognition with bidirectional LSTM-CNNs}},
    author  = {Chiu, Jason PC and Nichols, Eric},
    journal = {arXiv preprint arXiv:1511.08308},
    year    = {2015}
}

@article{
cho2014properties,
    title   = {{On the properties of neural machine translation: Encoder-decoder approaches}},
    author  = {Cho, Kyunghyun and Van Merriënboer, Bart and Bahdanau, Dzmitry and Bengio, Yoshua},
    journal = {arXiv preprint arXiv:1409.1259},
    year    = {2014}
}

@article{
chung2014empirical,
    title   = {{Empirical evaluation of gated recurrent neural networks on sequence modeling}},
    author  = {Chung, Junyoung and Gulcehre, Caglar and Cho, KyungHyun and Bengio, Yoshua},
    journal = {arXiv preprint arXiv:1412.3555},
    year    = {2014}
}

@inproceedings{
civit2003qualitative,
    title     = {{Qualitative and quantitative analysis of annotators’ agreement in the development of Cast3LB}},
    author    = {Civit, Montserrat and Ageno, Alicia and Navarro, Borja and Bufi, Núria and Martí, Maria Antonia},
    booktitle = {{Proceedings of 2nd Workshop on Treebanks and Linguistics Theories (TLT-2003)}},
    pages     = {33--45},
    year      = {2003}
}

@inproceedings{
claveau2017strategies,
    title     = {{Strategies to select examples for Active Learning with Conditional Random Fields}},
    author    = {Claveau, Vincent and Kijak, Ewa},
    booktitle = {{CICLing}},
    pages     = {},
    year      = {2017}
}

@article{
cohen1960coefficient,
    title     = {{A coefficient of agreement for nominal scales}},
    author    = {Cohen, Jacob},
    journal   = {Educational and psychological measurement},
    volume    = {20},
    number    = {1},
    pages     = {37--46},
    year      = {1960},
    publisher = {Sage Publications Sage CA: Thousand Oaks, CA}
}

@inproceedings{
collobert2008unified,
    title        = {{A unified architecture for natural language processing: Deep neural networks with multitask learning}},
    author       = {Collobert, Ronan and Weston, Jason},
    booktitle    = {{Proceedings of the 25th international conference on Machine learning}},
    pages        = {160--167},
    year         = {2008},
    organization = {ACM}
}

@article{
collobert2011natural,
    title   = {{Natural language processing (almost) from scratch}},
    author  = {Collobert, Ronan and Weston, Jason and Bottou, Léon and Karlen, Michael and Kavukcuoglu, Koray and Kuksa, Pavel},
    journal = {Journal of Machine Learning Research},
    volume  = {12},
    number  = {Aug},
    pages   = {2493--2537},
    year    = {2011}
}

@article{
comeau2013bioc,
  title={{BioC: a minimalist approach to interoperability for biomedical text processing}},
  author={Comeau, Donald C and Islamaj Do{\u{g}}an, Rezarta and Ciccarese, Paolo and Cohen, Kevin Bretonnel and Krallinger, Martin and Leitner, Florian and Lu, Zhiyong and Peng, Yifan and Rinaldi, Fabio and Torii, Manabu and others},
  journal={Database},
  volume={2013},
  pages={bat064},
  year={2013},
  publisher={Oxford University Press}
}

@inproceedings{
ConstantLerouxSigogne,
    author    = {Matthieu Constant and Joseph Leroux and Anthony Sigogne},
    title     = {{Combining Compound Recognition and PCFG-LA Parsing with Word Lattices and Conditional Random Fields}},
    booktitle = {{In Procs of ACM}},
    year      = {2013}
}

@inproceedings{
constant2011integrer,
    title     = {{Intégrer des connaissances linguistiques dans un CRF: application à l'apprentissage d'un segmenteur-étiqueteur du français}},
    author    = {Constant, Matthieu and Tellier, Isabelle and Duchier, Denys and Dupont, Yoann and Sigogne, Anthony and Billot, Sylvie},
    booktitle = {{TALN}},
    volume    = {1},
    pages     = {321},
    year      = {2011}
}

@article{
cori2002constitution,
    title   = {{La constitution du TAL}},
    author  = {Cori, Marcel and Léon, Jacqueline},
    journal = {Traitement Automatique des Langues},
    volume  = {43},
    number  = {3},
    pages   = {21--55},
    year    = {2002}
}

@book{
cornuejols2011apprentissage,
    title     = {{Apprentissage artificiel: concepts et algorithmes}},
    author    = {Cornuéjols, Antoine and Miclet, Laurent},
    year      = {2011},
    publisher = {Editions Eyrolles}
}

@inproceedings{
crabbe08,
   author = {B. Crabb\'e and M.~-H. Candito},
   title = {{Exp\'eriences d'analyse syntaxique statistique du français}},
   booktitle = {{Actes de TALN'08}},
   year = {2008}
}

@inproceedings{
creutz2002unsupervised,
    title        = {{Unsupervised discovery of morphemes}},
    author       = {Creutz, Mathias and Lagus, Krista},
    booktitle    = {{Proceedings of the ACL-02 workshop on Morphological and phonological learning-Volume 6}},
    pages        = {21--30},
    year         = {2002},
    organization = {Association for Computational Linguistics}
}

@inproceedings{
creutz2005inducing,
    title     = {{Inducing the morphological lexicon of a natural language from unannotated text}},
    author    = {Creutz, Mathias and Lagus, Krista},
    booktitle = {{In Proceedings of the International and Interdisciplinary Conference on Adaptive Knowledge Representation and Reasoning (AKRR)}},
    year      = {2005}
}

@book{
creutz2005unsupervised,
    title     = {{Unsupervised morpheme segmentation and morphology induction from text corpora using Morfessor 1.0}},
    author    = {Creutz, Mathias and Lagus, Krista},
    year      = {2005},
    publisher = {Helsinki University of Technology}
}

@article{
cunningham2002gate,
  title={{GATE, a general architecture for text engineering}},
  author={Cunningham, Hamish},
  journal={Computers and the Humanities},
  volume={36},
  number={2},
  pages={223--254},
  year={2002},
  publisher={Springer}
}

@article{
cybenko1989approximation,
    title     = {{Approximation by superpositions of a sigmoidal function}},
    author    = {Cybenko, George},
    journal   = {Mathematics of Control, Signals, and Systems (MCSS)},
    volume    = {2},
    number    = {4},
    pages     = {303--314},
    year      = {1989},
    publisher = {Springer}
}

@inproceedings{
deleger2012building,
  title        = {{Building gold standard corpora for medical natural language processing tasks}},
  author       = {Deleger, Louise and Li, Qi and Lingren, Todd and Kaiser, Megan and Molnar, Katalin and others},
  booktitle    = {AMIA Annual Symposium Proceedings},
  volume       = {2012},
  pages        = {144},
  year         = {2012},
  organization = {American Medical Informatics Association}
}

@article{
denis2009global,
    title   = {{Global joint models for coreference resolution and named entity classification}},
    author  = {Denis, Pascal and Baldridge, Jason and others},
    journal = {Procesamiento del Lenguaje Natural},
    volume  = {42},
    number  = {1},
    pages   = {87--96},
    year    = {2009}
}

@inproceedings{
dinarelli2011,
    author    = {Marco Dinarelli and Sophie Rosset},
    title     = {{Models Cascade for Tree-Structured Named Entity Detection}},
    booktitle = {{Proceedings of 5th International Joint Conference on Natural Language Processing}},
    month     = {November},
    year      = {2011},
    address   = {Chiang Mai, Thailand},
    publisher = {Asian Federation of Natural Language Processing},
    pages     = {1269--1278}
}

@inproceedings{
dinarelli2012,
    author    = {Marco Dinarelli and Sophie Rosset},
    title     = {{Tree Representation in Probabilistic Models for Extended Named Entities Detection}},
    booktitle = {{In Proc. of EACL}},
    year      = {2012}
}

@inproceedings{
DINARELLI-ROSSET:OCR-NER:LREC2012,
    author    = {Marco Dinarelli and Sophie Rosset},
    title     = {{Tree-Structured Named Entity Recognition on OCR Data: Analysis, Processing and Results}},
    booktitle = {{Proceedings of the Eight International Conference on Language Resources and Evaluation (LREC'12)}},
    year      = {2012},
    month     = {may},
    date      = {23-25},
    address   = {Istanbul, Turkey},
    editor    = {Nicoletta Calzolari (Conference Chair) and Khalid Choukri and Thierry Declerck and Mehmet Ugur Dogan and Bente Maegaard and Joseph Mariani and Jan Odijk and Stelios Piperidis},
    publisher = {European Language Resources Association (ELRA)},
    isbn      = {978-2-9517408-7-7},
    language  = {english}
}

@inproceedings{
dinarelli2016etude,
    title     = {{Étude de réseaux de neurones récurrents pour l'étiquetage de séquences}},
    author    = {Dinarelli, Marco and Tellier, Isabelle},
    booktitle = {{Traitement Automatique des Langues Naturelles (TALN)}},
    year      = {2016}
}

@article{
dinarelli2017modelisation,
  title={{Modélisation de dépendances entre étiquettes dans les réseaux neuronaux récurrents}},
  author={Dinarelli, Marco and Dupont, Yoann},
  journal={Traitement Automatique des Langues},
  volume={58},
  number={1},
  year={2017}
}

@inproceedings{
doddington2004automatic,
    title     = {{The Automatic Content Extraction (ACE) Program-Tasks, Data, and Evaluation}},
    author    = {Doddington, George R and Mitchell, Alexis and Przybocki, Mark A and Ramshaw, Lance A and Strassel, Stephanie and Weischedel, Ralph M},
    booktitle = {{LREC}},
    volume    = {2},
    pages     = {1},
    year      = {2004}
}

@article{
dubois1997synonymie,
    title     = {{Synonymie syntaxique et classification des verbes français}},
    author    = {Dubois, Jean and Dubois-Charlier, Françoise},
    journal   = {Langages},
    pages     = {51--71},
    year      = {1997},
    publisher = {JSTOR}
}

@article{
durrett2014joint,
    title   = {{A joint model for entity analysis: Coreference, typing, and linking}},
    author  = {Durrett, Greg and Klein, Dan},
    journal = {Transactions of the Association for Computational Linguistics},
    volume  = {2},
    pages   = {477--490},
    year    = {2014}
}

@article{
dupont2014reconnaisseur,
    title={{Un reconnaisseur d’entités nommées du Français}},
    author={Dupont, Yoann and Tellier, Isabelle},
    journal={Traitement Automatique des Langues Naturelles (TALN), session d{é}mo},
    year={2014},
    pages={40}
}

@inproceedings{
dupont2016extraction,
    title     = {{Extraction automatique d'affixes pour la reconnaissance d'entités nommées chimiques.}},
    author    = {Dupont, Yoann and Tellier, Isabelle and Lautier, Christian and Dinarelli, Marco},
    booktitle = {{EGC}},
    pages     = {531--532},
    year      = {2016}
}

@inproceedings{
dupont2017a,
    title     = {{Label-Dependencies Aware Recurrent Neural Networks}},
    author    = {Dupont, Yoann and Dinarelli, Marco and Tellier, Isabelle},
    booktitle = {{CICLing}},
    pages     = {},
    year      = {2017}
}

@inproceedings{
dupont2017b,
    title     = {{Structured Named Entity Recognition by Cascading CRFs}},
    author    = {Dupont, Yoann and Dinarelli, Marco and Tellier, Isabelle},
    booktitle = {{CICLing}},
    pages     = {},
    year      = {2017}
}

@inproceedings{
dupont2017exploration,
    title     = {{Exploration de traits pour la reconnaissance d’entités nommées du Français par apprentissage automatique}},
    author    = {Dupont, Yoann},
    booktitle = {{24e Conférence sur le Traitement Automatique des Langues Naturelles (TALN)}},
    pages     = {42},
    year      = {2017}
}

@article{
eliasmith2012large,
    title     = {{A large-scale model of the functioning brain}},
    author    = {Eliasmith, Chris and Stewart, Terrence C and Choo, Xuan and Bekolay, Trevor and DeWolf, Travis and Tang, Yichuan and Rasmussen, Daniel},
    journal   = {science},
    volume    = {338},
    number    = {6111},
    pages     = {1202--1205},
    year      = {2012},
    publisher = {American Association for the Advancement of Science}
}

@article{
elman1990finding,
    title     = {{Finding structure in time}},
    author    = {Elman, Jeffrey L},
    journal   = {Cognitive science},
    volume    = {14},
    number    = {2},
    pages     = {179--211},
    year      = {1990},
    publisher = {Elsevier}
}

@phdthesis{
ehrmann2008entites,
    title  = {{Les entités nommées, de la linguistique au TAL: statut théorique et méthodes de désambiguïsation}},
    author = {Ehrmann, Maud},
    year   = {2008},
    school = {Paris 7}
}

@InProceedings{
FinkelKleemanManning07,
    author    = {Jenny Rose Finkel and Alex Kleeman and Christopher D. Manning},
    booktitle = {{Proceedings of the 46th Annual Meeting of the Association for Computational Linguistics (ACL 2008)}},
    title     = {{Efficient, Feature-based, Conditional Random Field Parsing}},
    pages     = {959--967},
    year      = {2008},
}

@inproceedings{
finkel2008efficient,
    title     = {{Efficient, Feature-based, Conditional Random Field Parsing.}},
    author    = {Finkel, Jenny Rose and Kleeman, Alex and Manning, Christopher D},
    booktitle = {{ACL}},
    volume    = {46},
    pages     = {959--967},
    year      = {2008}
}

@inproceedings{
Finkel09a,
    author    = {Jenny Rose Finkel and Christopher D. Manning},
    title     = {{Joint Parsing and Named Entity Recognition}},
    booktitle = {{In Proc. of NAACL}},
    year      = {2009}
}

@inproceedings{
finkel2009b,
    title        = {{Nested named entity recognition}},
    author       = {Finkel, Jenny Rose and Manning, Christopher D},
    booktitle    = {{Proceedings of the 2009 Conference on Empirical Methods in Natural Language Processing: Volume 1-Volume 1}},
    pages        = {141--150},
    year         = {2009},
    organization = {Association for Computational Linguistics}
}

@inproceedings{
fort2009towards,
    title        = {{Towards a methodology for named entities annotation}},
    author       = {Fort, Karën and Ehrmann, Maud and Nazarenko, Adeline},
    booktitle    = {{Proceedings of the Third Linguistic Annotation Workshop}},
    pages        = {142--145},
    year         = {2009},
    organization = {Association for Computational Linguistics}
}

@phdthesis{
fort2012ressources,
  title={{Les ressources annotées, un enjeu pour l'analyse de contenu: vers une méthodologie de l'annotation manuelle de corpus}},
  author={Fort, Karën},
  year={2012},
  school={Université Paris-Nord-Paris XIII}
}

@article{
fuchs2004traitement,
    title   = {{Le traitement automatique des langues: des modeles aux ressources}},
    author  = {Fuchs, Catherine and Habert, Benoit},
    journal = {Le Français Moderne-Revue de linguistique Française},
    volume  = {72},
    number  = {1},
    year    = {2004}
}

@inproceedings{
galibert2011structured,
    title     = {{Structured and Extended Named Entity Evaluation in Automatic Speech Transcriptions}},
    author    = {Galibert, Olivier and Rosset, Sophie and Grouin, Cyril and Zweigenbaum, Pierre and Quintard, Ludovic},
    booktitle = {{IJCNLP}},
    pages     = {518--526},
    year      = {2011}
}

@inproceedings{
garrette2013real,
    title     = {{Real-World Semi-Supervised Learning of POS-Taggers for Low-Resource Languages.}},
    author    = {Garrette, Dan and Mielens, Jason and Baldridge, Jason},
    booktitle = {{ACL (1)}},
    pages     = {583--592},
    year      = {2013}
}

@book{
gaussier2011modeles,
    title     = {{Modèles statistiques pour l'accès à l'information textuelle}},
    author    = {Gaussier, éric and Yvon, François},
    year      = {2011},
    publisher = {Lavoisier}
}

@article{
geisser1975predictive,
  title={{The predictive sample reuse method with applications}},
  author={Geisser, Seymour},
  journal={Journal of the American Statistical Association},
  volume={70},
  number={350},
  pages={320--328},
  year={1975},
  publisher={Taylor \& Francis Group}
}

@article{
gers2000learning,
    title     = {{Learning to forget: Continual prediction with LSTM}},
    author    = {Gers, Felix A and Schmidhuber, Jürgen and Cummins, Fred},
    journal   = {Neural computation},
    volume    = {12},
    number    = {10},
    pages     = {2451--2471},
    year      = {2000},
    publisher = {MIT Press}
}

@book{
goodfellow2016deep,
  title     = {{Deep learning}},
  author    = {Goodfellow, Ian and Bengio, Yoshua and Courville, Aaron and Bengio, Yoshua},
  volume    = {1},
  year      = {2016},
  publisher = {MIT press Cambridge}
}

@book{
grant2011and,
    title     = {{How and why species multiply: the radiation of Darwin's finches}},
    author    = {Grant, Peter R and Grant, B Rosemary},
    year      = {2011},
    publisher = {Princeton University Press}
}

@inproceedings{
graves2014towards,
    title     = {{Towards end-to-end speech recognition with recurrent neural networks}},
    author    = {Graves, Alex and Jaitly, Navdeep},
    booktitle = {International Conference on Machine Learning},
    pages     = {1764--1772},
    year      = {2014}
}

@inproceedings{
gravier2012etape,
    title     = {{The ETAPE corpus for the evaluation of speech-based TV content processing in the French language}},
    author    = {Gravier, Guillaume and Adda, Gilles and Paulson, Niklas and Carré, Matthieu and Giraudel, Aude and Galibert, Olivier},
    booktitle = {{LREC-Eighth international conference on Language Resources and Evaluation}},
    pages     = {na},
    year      = {2012}
}

@article{
greff2015lstm,
    title   = {{LSTM: A search space odyssey}},
    author  = {Greff, Klaus and Srivastava, Rupesh Kumar and Koutník, Jan and Steunebrink, Bas R and Schmidhuber, Jürgen},
    journal = {arXiv preprint arXiv:1503.04069},
    year    = {2015}
}

@inproceedings{
grishman1996message,
    title     = {{Message Understanding Conference-6: A Brief History}},
    author    = {Grishman, Ralph and Sundheim, Beth},
    booktitle = {{COLING}},
    volume    = {96},
    pages     = {466--471},
    year      = {1996}
}

@inproceedings{
grouin2011proposal,
    title        = {{Proposal for an extension of traditional named entities: From guidelines to evaluation, an overview}},
    author       = {Grouin, Cyril and Rosset, Sophie and Zweigenbaum, Pierre and Fort, Karën and Galibert, Olivier and Quintard, Ludovic},
    booktitle    = {{Proceedings of the 5th Linguistic Annotation Workshop}},
    pages        = {92--100},
    year         = {2011},
    organization = {Association for Computational Linguistics}
}

@article{
grunwald2005tutorial,
    title     = {{A tutorial introduction to the minimum description length principle}},
    author    = {Grünwald, Peter},
    year      = {2005},
    publisher = {MIT Press}
}

@inproceedings{
guodong2004exploring,
    title        = {{Exploring deep knowledge resources in biomedical name recognition}},
    author       = {GuoDong, Zhou and Jian, Su},
    booktitle    = {{Proceedings of the International Joint Workshop on Natural Language Processing in Biomedicine and its Applications}},
    pages        = {96--99},
    year         = {2004},
    organization = {Association for Computational Linguistics}
}

@article{
gupta2011named,
    title     = {{Named entity recognition for Punjabi language text summarization}},
    author    = {Gupta, Vishal and Lehal, Gurpreet Singh},
    journal   = {International Journal of Computer Applications},
    volume    = {33},
    number    = {3},
    pages     = {28--32},
    year      = {2011},
    publisher = {International Journal of Computer Applications, 244 5 th Avenue,\# 1526, New York, NY 10001, USA India}
}

@inproceedings{
hajishirzi2013joint,
    title     = {{Joint Coreference Resolution and Named-Entity Linking with Multi-Pass Sieves.}},
    author    = {Hajishirzi, Hannaneh and Zilles, Leila and Weld, Daniel S and Zettlemoyer, Luke S},
    booktitle = {{EMNLP}},
    pages     = {289--299},
    year      = {2013}
}

@article{
halle1962speech,
    title     = {{Speech recognition: A model and a program for research}},
    author    = {Halle, Morris and Stevens, Kenneth},
    journal   = {IRE Transactions on Information Theory},
    volume    = {8},
    number    = {2},
    pages     = {155--159},
    year      = {1962},
    publisher = {IEEE}
}

@inproceedings{
hammerton2001clause,
    title        = {{Clause identification with long short-term memory}},
    author       = {Hammerton, James},
    booktitle    = {{Proceedings of the 2001 workshop on Computational Natural Language Learning-Volume 7}},
    pages        = {22},
    year         = {2001},
    organization = {Association for Computational Linguistics}
}

@inproceedings{
hammerton2003named,
    title        = {{Named entity recognition with long short-term memory}},
    author       = {Hammerton, James},
    booktitle    = {{Proceedings of the seventh conference on Natural language learning at HLT-NAACL 2003-Volume 4}},
    pages        = {172--175},
    year         = {2003},
    organization = {Association for Computational Linguistics}
}

@inproceedings{
han2017answer,
    title        = {{Answer ranking based on named entity types for question answering}},
    author       = {Han, Sangdo and Kwon, Soonchoul and Yu, Hwanjo and Lee, Gary Geunbae},
    booktitle    = {{Proceedings of the 11th International Conference on Ubiquitous Information Management and Communication}},
    pages        = {71},
    year         = {2017},
    organization = {ACM}
}

@article{
hays1962automatic,
    title     = {{Automatic language-data processing}},
    author    = {Hays, David G},
    journal   = {Computer Applications in the Behavioral Sciences},
    pages     = {394--423},
    year      = {1962},
    publisher = {Prentice Hall, Englewood Cliffs, NJ}
}

@article{
hearst2003simple,
    title  = {{A simple algorithm for identifying abbreviation definitions in biomedical text}},
    author = {Hearst, MAAS Schwartz},
    year   = {2003}
}

@book{
hebb1949organisation,
    title     = {{The organisation of behaviour: a neuropsychological theory}},
    author    = {Hebb, Donald Olding},
    year      = {1949},
    publisher = {Wiley}
}

@inproceedings{
hernandez2013construction,
    title     = {{Construction automatique d'un large corpus libre annoté morpho-syntaxiquement en français}},
    author    = {Hernandez, Nicolas and Boudin, Florian},
    booktitle = {{Traitement Automatique des Langues Naturelles (TALN)}},
    year      = {2013}
}

@article{
hinton2007learning,
    title     = {{Learning multiple layers of representation}},
    author    = {Hinton, Geoffrey E},
    journal   = {Trends in cognitive sciences},
    volume    = {11},
    number    = {10},
    pages     = {428--434},
    year      = {2007},
    publisher = {Elsevier}
}

@article{
hochreiter1997long,
    title     = {{Long short-term memory}},
    author    = {Hochreiter, Sepp and Schmidhuber, Jürgen},
    journal   = {Neural computation},
    volume    = {9},
    number    = {8},
    pages     = {1735--1780},
    year      = {1997},
    publisher = {MIT Press}
}

@InProceedings{
hoffmann2011knowledge,
    title        = {{Knowledge-based weak supervision for information extraction of overlapping relations}},
    author       = {Hoffmann, Raphael and Zhang, Congle and Ling, Xiao and Zettlemoyer, Luke and Weld, Daniel S},
    booktitle    = {{Proceedings of the 49th Annual Meeting of the Association for Computational Linguistics: Human Language Technologies-Volume 1}},
    year         = {2011},
    organization = {Association for Computational Linguistics},
    pages        = {541--550}
}

@article{
holat2016fouille,
    title     = {{Fouille de motifs et CRF pour la reconnaissance de symptômes dans les textes biomédicaux}},
    author    = {Holat, Pierre and Tomeh, Nadi and Charnois, Thierry and Battistelli, Delphine and Jaulent, Marie-Christine and Métivier, Jean-Philippe},
    booktitle = {{JEP-TALN}},
    year      = {2016}
}

@article{
hornik1991approximation,
    title     = {{Approximation capabilities of multilayer feedforward networks}},
    author    = {Hornik, Kurt},
    journal   = {Neural networks},
    volume    = {4},
    number    = {2},
    pages     = {251--257},
    year      = {1991},
    publisher = {Elsevier}
}

@article{
huang2015bidirectional,
  title   = {{Bidirectional LSTM-CRF models for sequence tagging}},
  author  = {Huang, Zhiheng and Xu, Wei and Yu, Kai},
  journal = {arXiv preprint arXiv:1508.01991},
  year    = {2015}
}

@article{
hwa2004sample,
  title={{Sample selection for statistical parsing}},
  author={Hwa, Rebecca},
  journal={Computational linguistics},
  volume={30},
  number={3},
  pages={253--276},
  year={2004},
  publisher={MIT Press}
}

@article{
jacobs1990parsing,
    title   = {{Parsing Techniques: A Practical Guide}},
    author  = {Jacobs, CJ and Grune, D},
    journal = {Department of Mathematics and Computer Science, Vrije Universiteit, Amsterdam, The Netherlands},
    year    = {1990}
}

@inproceedings{
jannet2014eter,
    title     = {{ETER: a new metric for the evaluation of hierarchical named entity recognition}},
    author    = {Ben Jannet, Mohamed and Adda-Decker, Martine and Galibert, Olivier and Kahn, Juliette and Rosset, Sophie},
    booktitle = {{Ninth International Conference on Language Resources and Evaluation (LREC'14)}},
    pages     = {3987--3994},
    year      = {2014}
}

@inproceedings{
jie2017efficient,
    title     = {{Efficient Dependency-Guided Named Entity Recognition.}},
    author    = {Jie, Zhanming and Muis, Aldrian Obaja and Lu, Wei},
    booktitle = {{AAAI}},
    pages     = {3457--3465},
    year      = {2017}
}

@article{
jordan1986serial,
    title   = {{Serial Order: A Parallel Distributed Processing Approach (Tech. Rep. No. 8604)}},
    author  = {Jordan, MI},
    journal = {San Diego, La Jolla, CA: Institute for Cognitive Science, University of California},
    pages   = {48},
    year    = {1986}
}

@inproceedings{
jungermann2007named,
    title        = {{Named entity recognition without domain-knowledge using conditional random fields}},
    author       = {Jungermann, Felix},
    booktitle    = {{Workshop Notes of the Machine Learning for Natural Language Processing Workshop}},
    pages        = {16--17},
    year         = {2007}
}

@techreport{
kasami1965efficient,
    title       = {{An Efficient Recognition And Syntax Analysis Algorithm For Context-Free Languages}},
    author      = {Kasami, Tadao},
    year        = {1965},
    institution = {Hawaii Univ Honolulu Dept Of Electrical Engineering}
}

@article{
kayser1988kind,
    title     = {{What kind of thing is a concept?}},
    author    = {Kayser, Daniel},
    journal   = {Computational Intelligence},
    volume    = {4},
    number    = {2},
    pages     = {158--165},
    year      = {1988},
    publisher = {Wiley Online Library}
}

@article{
kim2003genia,
    title     = {{GENIA corpus—a semantically annotated corpus for bio-textmining}},
    author    = {Kim, J-D and Ohta, Tomoko and Tateisi, Yuka and Tsujii, Jun’ichi},
    journal   = {Bioinformatics},
    volume    = {19},
    number    = {suppl 1},
    pages     = {i180--i182},
    year      = {2003},
    publisher = {Oxford Univ Press}
}

@inproceedings{
kim2004introduction,
    title        = {{Introduction to the bio-entity recognition task at JNLPBA}},
    author       = {Kim, Jin-Dong and Ohta, Tomoko and Tsuruoka, Yoshimasa and Tateisi, Yuka and Collier, Nigel},
    booktitle    = {{Proceedings of the international joint workshop on natural language processing in biomedicine and its applications}},
    pages        = {70--75},
    year         = {2004},
    organization = {Association for Computational Linguistics}
}

@article{
kinzel1990improving,
    title     = {{Improving a network generalization ability by selecting examples}},
    author    = {Kinzel, W and Rujan, P},
    journal   = {EPL (Europhysics Letters)},
    volume    = {13},
    number    = {5},
    pages     = {473},
    year      = {1990},
    publisher = {IOP Publishing}
}

@inproceedings{
klein2003accurate,
    title        = {{Accurate unlexicalized parsing}},
    author       = {Klein, Dan and Manning, Christopher D},
    booktitle    = {{Proceedings of the 41st Annual Meeting on Association for Computational Linguistics-Volume 1}},
    pages        = {423--430},
    year         = {2003},
    organization = {Association for Computational Linguistics}
}

@article{
koller2009probabilistic,
    title     = {{Probabilistic Graphical Models: Principles and Techniques (Adaptive Computation and Machine Learning series)}},
    author    = {Koller, Daphne and Friedman, Nir},
    year      = {2009},
    publisher = {The MIT Press}
}

@article{
krallinger2008overview,
    title={{Overview of the protein-protein interaction annotation extraction task of BioCreative II}},
    author={Krallinger, Martin and Leitner, Florian and Rodriguez-Penagos, Carlos and Valencia, Alfonso},
    journal={Genome biology},
    volume={9},
    number={2},
    pages={S4},
    year={2008},
    publisher={BioMed Central}
}

@article{
krallinger2015chemdner,
    title     = {{The CHEMDNER corpus of chemicals and drugs and its annotation principles}},
    author    = {Krallinger, Martin and Rabal, Obdulia and Leitner, Florian and Vazquez, Miguel and Salgado, David and Lu, Zhiyong and Leaman, Robert and Lu, Yanan and Ji, Donghong and Lowe, Daniel M and others},
    journal   = {Journal of cheminformatics},
    volume    = {7},
    number    = {Suppl 1},
    pages     = {S2},
    year      = {2015},
    publisher = {BioMed Central}
}

@inproceedings{
krishnan2006effective,
    title        = {{An effective two-stage model for exploiting non-local dependencies in named entity recognition}},
    author       = {Krishnan, Vijay and Manning, Christopher D},
    booktitle    = {{Proceedings of the 21st COLING and the 44th annual meeting of the ACL}},
    pages        = {1121--1128},
    year         = {2006},
    organization = {ACL}
}

@inproceedings{
kumaran2004text,
  title={{Text classification and named entities for new event detection}},
  author={Kumaran, Giridhar and Allan, James},
  booktitle={Proceedings of the 27th annual international ACM SIGIR conference on Research and development in information retrieval},
  pages={297--304},
  year={2004},
  organization={ACM}
}

@InProceedings{
Lafferty01,
   author    = {J. Lafferty and A. McCallum and F. Pereira},
   title     = {{Conditional random Fields: Probabilistic models for segmenting and labeling sequence data}},
   booktitle = {{Proceedings of ICML 2001}},
   pages     = {282--289},
   year      = {2001},
}

@article{
lample2016neural,
    title   = {{Neural architectures for named entity recognition}},
    author  = {Lample, Guillaume and Ballesteros, Miguel and Subramanian, Sandeep and Kawakami, Kazuya and Dyer, Chris},
    journal = {arXiv preprint arXiv:1603.01360},
    year    = {2016}
}

@inproceedings{
landragin2012analec,
    title     = {{ANALEC: a new tool for the dynamic annotation of textual data}},
    author    = {Landragin, Frédéric and Poibeau, Thierry and Victorri, Bernard},
    booktitle = {{International Conference on Language Resources and Evaluation (LREC 2012)}},
    pages     = {357--362},
    year      = {2012}
}

@article{
lassila1998resource,
    title={{Resource Description Framework (RDF) model and syntax specification}},
    author={Lassila, Ora and Swick, Ralph R and others},
    year={1998},
    publisher={Citeseer}
}

@InProceedings{
lavergne10,
    author    = {Lavergne, Thomas and Cappé, Olivier and Yvon, François},
    title     = {{Practical Very Large Scale CRFs}},
    booktitle = {{Proceedings of ACL'2010}},
    month     = {July},
    year      = {2010},
    publisher = {Association for Computational Linguistics},
    pages     = {504--513},
    url       = {http://www.aclweb.org/anthology/P10-1052}
}

@inproceedings{
leaman2013ncbi,
    title     = {{NCBI at the BioCreative IV CHEMDNER Task: Recognizing chemical names in PubMed articles with tmChem}},
    author    = {Leaman, Robert and Wei, Chih-Hsuan and Lu, Zhiyong},
    booktitle = {{BioCreative Challenge Evaluation Workshop}},
    volume    = {2},
    pages     = {34},
    year      = {2013}
}

@inproceedings{
lease2005parsing,
    title        = {{Parsing biomedical literature}},
    author       = {Lease, Matthew and Charniak, Eugene},
    booktitle    = {{International Conference on Natural Language Processing}},
    pages        = {58--69},
    year         = {2005},
    organization = {Springer}
}

@inproceedings{
lewis1994sequential,
    title        = {{A sequential algorithm for training text classifiers}},
    author       = {Lewis, David D and Gale, William A},
    booktitle    = {{Proceedings of the 17th annual international ACM SIGIR conference on Research and development in information retrieval}},
    pages        = {3--12},
    year         = {1994},
    organization = {Springer-Verlag New York, Inc.}
}

@techreport{
linguistic2005ace,
    title     = {{ACE (Automatic Content Extraction) English annotation guidelines for entities}},
    author    = {Linguistic Data Consortium and others},
    year      = {2005},
    publisher = {Version}
    url       = {https://www.ldc.upenn.edu/sites/www.ldc.upenn.edu/files/english-entities-guidelines-v6.6.pdf}
}

@article{
linnainmaa1970representation,
    title   = {{The representation of the cumulative rounding error of an algorithm as a Taylor expansion of the local rounding errors}},
    author  = {Linnainmaa, Seppo},
    journal = {Master's Thesis (in Finnish), Univ. Helsinki},
    pages   = {6--7},
    year    = {1970}
}

@article{
lowe2014leadmine,
    title   = {{LeadMine: A grammar and dictionary driven approach to entity recognition}},
    author  = {Lowe, Daniel M and Sayle, R},
    journal = {J Cheminform},
    volume  = {7},
    number  = {Suppl 1},
    pages   = {S5},
    year    = {2014}
}

@inproceedings{
luo2015joint,
    title     = {{Joint named entity recognition and disambiguation}},
    author    = {Luo, Gang and Huang, Xiaojiang and Lin, Chin-Yew and Nie, Zaiqing},
    booktitle = {{Proc. EMNLP}},
    year      = {2015}
}

@article{
ma2016end,
    title   = {{End-to-end Sequence Labeling via Bi-directional LSTM-CNNs-CRF}},
    author  = {Ma, Xuezhe and Hovy, Eduard},
    journal = {arXiv preprint arXiv:1603.01354},
    year    = {2016}
}

@article{
mackay1992information,
    title     = {{Information-based objective functions for active data selection}},
    author    = {MacKay, David JC},
    journal   = {Neural computation},
    volume    = {4},
    number    = {4},
    pages     = {590--604},
    year      = {1992},
    publisher = {MIT Press}
}

@inproceedings{
makhoul1999performance,
    title     = {{Performance measures for information extraction}},
    author    = {Makhoul, John and Kubala, Francis and Schwartz, Richard and Weischedel, Ralph and others},
    booktitle = {{Proceedings of DARPA broadcast news workshop}},
    pages     = {249--252},
    year      = {1999}
}

@inproceedings{
mamitsuka1998query,
    title     = {{Query learning strategies using boosting and bagging}},
    author    = {Mamitsuka, Naoki Abe Hiroshi and others},
    booktitle = {{Machine learning: proceedings of the fifteenth international conference (ICML’98)}},
    volume    = {1},
    year      = {1998}
}

@book{
mandic2001recurrent,
    title     = {{Recurrent neural networks for prediction: learning algorithms, architectures and stability}},
    author    = {Mandic, Danilo P and Chambers, Jonathon},
    year      = {2001},
    publisher = {John Wiley \& Sons, Inc.}
}

@book{
manning1999foundations,
    title     = {{Foundations of statistical natural language processing}},
    author    = {Manning, Christopher D and Schütze, Hinrich and others},
    volume    = {999},
    year      = {1999},
    publisher = {MIT Press}
}

@inproceedings{
mao2007using,
    title     = {{Using Non-Local Features to Improve Named Entity Recognition Recall.}},
    author    = {Mao, Xinnian and Xu, Wei and Dong, Yuan and He, Saike and Wang, Haila},
    booktitle = {{PACLIC}},
    year      = {2007}
}

@incollection{
marquez2004quality,
    title     = {{On the Quality of Lexical Resources for Word Sense Disambiguation}},
    author    = {Màrquez, Lluís and Taulé, Mariona and Padró, Lluís and Villarejo, Luis and Martí, Maria Antònia},
    booktitle = {{Advances in Natural Language Processing}},
    pages     = {291--302},
    year      = {2004},
    publisher = {Springer}
}

@InProceedings{
marquezSemEval2007,
    author    = {Màrquez, Lluís and Villarejo, Lluis and  Martí, M. A. and Taulé, Mariona},
    title     = {{SemEval-2007 Task 09: Multilevel Semantic Annotation of Catalan and Spanish}},
    booktitle = {{Proceedings of the Fourth International Workshop on Semantic Evaluations (SemEval-2007)}},
    month     = {June},
    year      = {2007},
    address   = {Prague, Czech Republic},
    publisher = {Association for Computational Linguistics},
    pages     = {42--47},
    url       = {http://www.aclweb.org/anthology/S/S07/S07-1008}
}

@inproceedings{
martens2011learning,
    title     = {{Learning recurrent neural networks with hessian-free optimization}},
    author    = {Martens, James and Sutskever, Ilya},
    booktitle = {{Proceedings of the 28th International Conference on Machine Learning (ICML-11)}},
    pages     = {1033--1040},
    year      = {2011}
}

@article{
maurel2011cascades,
    title   = {{Cascades de transducteurs autour de la reconnaissance des entités nommées}},
    author  = {Maurel, Denis and Friburger, Nathalie and Antoine, Jean-Yves and Eshkol, Iris and Nouvel, Damien},
    journal = {Traitement automatique des langues},
    volume  = {52},
    number  = {1},
    pages   = {69--96},
    year    = {2011}
}

@InProceedings{
McCallumLi03,
    author    = {A. McCallum and W. Li},
    title     = {{Early results for named entity recognition with conditional random fields}},
    booktitle = {{CoNLL'2003: Proceedings of The Seventh Conference on Natural Language Learning}},
    year      = {2003},
}

@article{
mccallum2005information,
  title={{Information extraction: Distilling structured data from unstructured text}},
  author={McCallum, Andrew},
  journal={Queue},
  volume={3},
  number={9},
  pages={48--57},
  year={2005},
  publisher={ACM}
}

@inproceedings{
mcclosky2006reranking,
    title        = {{Reranking and self-training for parser adaptation}},
    author       = {McClosky, David and Charniak, Eugene and Johnson, Mark},
    booktitle    = {{Proceedings of the 21st International Conference on Computational Linguistics and the 44th annual meeting of the Association for Computational Linguistics}},
    pages        = {337--344},
    year         = {2006},
    organization = {Association for Computational Linguistics}
}

@article{
mcculloch1943logical,
    title     = {{A logical calculus of the ideas immanent in nervous activity}},
    author    = {McCulloch, Warren S and Pitts, Walter},
    journal   = {The bulletin of mathematical biophysics},
    volume    = {5},
    number    = {4},
    pages     = {115--133},
    year      = {1943},
    publisher = {Springer}
}

@inproceedings{
mikolov2013distributed,
    title     = {{Distributed representations of words and phrases and their compositionality}},
    author    = {Mikolov, Tomas and Sutskever, Ilya and Chen, Kai and Corrado, Greg S and Dean, Jeff},
    booktitle = {{Advances in Neural Information Processing Systems}},
    pages     = {3111--3119},
    year      = {2013}
}

@article{
mikolov2013efficient,
    title   = {{Efficient estimation of word representations in vector space}},
    author  = {Mikolov, Tomas and Chen, Kai and Corrado, Greg and Dean, Jeffrey},
    journal = {arXiv preprint arXiv:1301.3781},
    year    = {2013}
}

@inproceedings{
mikolov2013linguistic,
    title     = {{Linguistic regularities in continuous space word representations}},
    author    = {Mikolov, Tomas and Yih, Wen-tau and Zweig, Geoffrey},
    booktitle = {{Proceedings of the 2013 Conference of the North American Chapter of the Association for Computational Linguistics: Human Language Technologies}},
    pages     = {746--751},
    year      = {2013}
}

@misc{
mikolov2014word2vec,
    title     = {{word2vec}},
    author    = {Mikolov, Tomas and Chen, Kai and Corrado, Greg and Dean, Jeffrey},
    year      = {2014},
    publisher = {accessed 2014-04--15. https://code. google. com/p/word2vec}
}

@inproceedings{
mintz2009distant,
    author    = {Mintz, Mike and Bills, Steven and Snow, Rion and Jurafsky, Dan},
    title     = {{Distant Supervision for Relation Extraction Without Labeled Data}},
    booktitle = {{Proceedings of the Joint Conference of the 47th Annual Meeting of the ACL and the 4th International Joint Conference on Natural Language Processing of the AFNLP: Volume 2 - Volume 2}},
    series    = {ACL '09},
    year      = {2009},
    isbn      = {978-1-932432-46-6},
    location = {Suntec, Singapore},
    pages     = {1003--1011},
    numpages  = {9},
    url       = {http://dl.acm.org/citation.cfm?id=1690219.1690287},
    acmid     = {1690287},
    publisher = {Association for Computational Linguistics},
    address   = {Stroudsburg, PA, USA},
}

@inproceedings{
mesnard2016,
    title        = {{Construction automatisée d'une base de connaissances}},
    author       = {Mesnard, Olivier and Dupont, Yoann and Guillemot, Jérémy and Rahman, Rashedur},
    booktitle    = {{JEP-TALN 2016}},
    year         = {2016},
}

@article{
mora2011many,
    title  = {{How many species are there on Earth and in the ocean?}},
    author = {Mora, Camilo and Tittensor, Derek P and Adl, Sina and Simpson, Alastair GB and Worm, Boris},
    year   = {2011}
}

@article{
mostefa2007chil,
    title     = {{The CHIL audiovisual corpus for lecture and meeting analysis inside smart rooms}},
    author    = {Mostefa, Djamel and Moreau, Nicolas and Choukri, Khalid and Potamianos, Gerasimos and Chu, Stephen M and Tyagi, Ambrish and Casas, Josep R and Turmo, Jordi and Cristoforetti, Luca and Tobia, Francesco and others},
    journal   = {Language Resources and Evaluation},
    volume    = {41},
    number    = {3-4},
    pages     = {389--407},
    year      = {2007},
    publisher = {Springer}
}

@inproceedings{
Nakamura11,
    author    = {Yayoi Nakamura-Delloye and Rosa Stern},
    title     = {{Extraction de relations et de patrons de relations entre entités nommées en vue de l'enrichissement d'une ontologie}},
    booktitle = {{In Procs. of TOTh}},
    year      = {2011}
}

@article{
ng2002discriminative,
    title     = {{On discriminative vs. generative classifiers: A comparison of logistic regression and naive Bayes}},
    author    = {Ng, Andrew Y and Jordan, Michael I},
    journal   = {Advances in neural information processing systems},
    volume    = {2},
    pages     = {841--848},
    year      = {2002},
    publisher = {MIT; 1998}
}

@article{
nguyen2016j,
    title   = {{J-NERD: joint named entity recognition and disambiguation with rich linguistic features}},
    author  = {Nguyen, Dat Ba and Theobald, Martin and Weikum, Gerhard},
    journal = {Transactions of the Association for Computational Linguistics},
    volume  = {4},
    pages   = {215--229},
    year    = {2016}
}

@book{
nielsen2015neural,
  title={{Neural networks and deep learning}},
  author={Nielsen, Michael A},
  publisher={Determination Press},
  url={http://neuralnetworksanddeeplearning.com/},
  year={2015}
}

@inproceedings{
nilsson2008malteval,
    title     = {{MaltEval: an Evaluation and Visualization Tool for Dependency Parsing.}},
    author    = {Nilsson, Jens and Nivre, Joakim},
    booktitle = {{LREC}},
    year      = {2008}
}

@inproceedings{
nivre2006maltparser,
    title     = {{Maltparser: A data-driven parser-generator for dependency parsing}},
    author    = {Nivre, Joakim and Hall, Johan and Nilsson, Jens},
    booktitle = {{Proceedings of LREC}},
    volume    = {6},
    pages     = {2216--2219},
    year      = {2006}
}

@inproceedings{
nivre2016universal,
    title     = {{Universal dependencies v1: A multilingual treebank collection}},
    author    = {Nivre, Joakim and de Marneffe, Marie-Catherine and Ginter, Filip and Goldberg, Yoav and Hajic, Jan and Manning, Christopher D and McDonald, Ryan and Petrov, Slav and Pyysalo, Sampo and Silveira, Natalia and others},
    booktitle = {{Proceedings of the 10th International Conference on Language Resources and Evaluation (LREC 2016)}},
    year      = {2016}
}

@inproceedings{
nobata2002summarization,
  title     = {{Summarization System Integrated with Named Entity Tagging and IE pattern Discovery}},
  author    = {Nobata, Chikashi and Sekine, Satoshi and Isahara, Hitoshi and Grishman, Ralph},
  booktitle = {LREC},
  year      = {2002}
}

@inproceedings{
nouvel2010reconnaissance,
    title     = {{Reconnaissance d'entités nommées: enrichissement d'un système à base de connaissances à partir de techniques de fouille de textes}},
    author    = {Nouvel, Damien and Soulet, Arnaud and Antoine, Jean-Yves and Maurel, Denis and Friburger, Nathalie},
    booktitle = {{Traitement Automatique des Langues Naturelles}},
    year      = {2010}
}

@inproceedings{
Nouvel2013,
    author    = {Nouvel, Damien and Antoine, Jean-Yves and Freeburger, Nathalie and Soulet, Arnaud},
    title     = {{Fouille de règles d'annotation pour la reconnaissance des entités nommées}},
    booktitle = {{In Procs of TALN}},
    year      = {2013}
}

@techreport{
nouvel2015entites,
    title       = {{Les entités nommées pour le traitement automatique des langues}},
    author      = {Nouvel, Damien and Ehrmann, Maud and Rosset, Sophie},
    year        = {2015},
    institution = {ISTE editions}
}

@article{
paumier2011unitex,
    title  = {{Unitex-manuel d'utilisation}},
    author = {Paumier, Sébastien},
    year   = {2011}
}

@article{
okazaki2007crfsuite,
  title={{Crfsuite: a fast implementation of conditional random fields (crfs)}},
  author={Okazaki, Naoaki},
  year={2007}
}

@book{
pazienza1997information,
    title     = {{Information Extraction: A multidisciplinary approach to an emerging information technology}},
    author    = {Pazienza, Maria Teresa},
    volume    = {1299},
    year      = {1997},
    publisher = {Springer Heidelberg}
}

@inproceedings{
pecheux2015oublier,
    title     = {{Oublier ce qu’on sait, pour mieux apprendre ce qu’on ne sait pas: une étude sur les contraintes de type dans les modèles CRF}},
    author    = {Pécheux, Nicolas and Allauzen, Alexandre and Lavergne, Thomas and Wisniewski, Guillaume and Yvon, François},
    booktitle = {{Conférence sur le Traitement Automatique des Langues Naturelles}},
    year      = {2015}
}

@inproceedings{
petrov2008sparse,
    title        = {{Sparse multi-scale grammars for discriminative latent variable parsing}},
    author       = {Petrov, Slav and Klein, Dan},
    booktitle    = {{Proceedings of the Conference on Empirical Methods in Natural Language Processing}},
    pages        = {867--876},
    year         = {2008},
    organization = {Association for Computational Linguistics}
}

@article{
rabiner1986introduction,
    title     = {{An introduction to hidden Markov models}},
    author    = {Rabiner, Lawrence and Juang, B},
    journal   = {ieee assp magazine},
    volume    = {3},
    number    = {1},
    pages     = {4--16},
    year      = {1986},
    publisher = {IEEE}
}

@article{
rahman2017tac,
    title  = {{TAC KBP 2016 Cold Start Slot Filling and Slot Filler Validation Systems by IRT SystemX}},
    author = {Rahman, Rashedur and Grau, Brigitte and Rosset, Sophie and Dupont, Yoann and Guillemot, Jérémy and Lautier, Christian and Fred, Wilson},
    year   = {2017}
}

@inproceedings{
rosen2015survey,
    title     = {{A survey of multiword expressions in treebanks}},
    author    = {Rosén, Victoria and Losnegaard, Gyri Smørdal and De Smedt, Koenraad and Bejcek, Eduard and Savary, Agata and Przepiórkowski, Adam and Osenova, Petya and Mitetelu, Verginica Barbu},
    booktitle = {Proceedings of the 14th International Workshop on Treebanks \& Linguistic Theories conference, Warsaw, Poland, December},
    year      = {2015}
}

@inproceedings{
poibeau2005statut,
    title        = {{Sur le statut référentiel des entités nommées}},
    author       = {Poibeau, Thierry},
    booktitle    = {{Conférence Traitement Automatique des Langues 2005}},
    pages        = {173--183},
    year         = {2005},
    organization ={ Association pour le Traitement Automatique des LAngues/LIMSI}
}

@inproceedings{
ratinov2009design,
    title        = {{Design challenges and misconceptions in named entity recognition}},
    author       = {Ratinov, Lev and Roth, Dan},
    booktitle    = {{Proceedings of the 13th CoNLL}},
    pages        = {147--155},
    year         = {2009},
    organization = {ACL}
}

@article{
ratnaparkhi1997linear,
    title   = {{A linear observed time statistical parser based on maximum entropy models}},
    author  = {Ratnaparkhi, Adwait},
    journal = {arXiv preprint cmp-lg/9706014},
    year    = {1997}
}

@inproceedings{
raymond2010reconnaissance,
    title     = {{Reconnaissance robuste d'entités nommées sur de la parole transcrite automatiquement}},
    author    = {Raymond, Christian and Fayolle, Julien},
    booktitle = {{TALN'10}},
    year      = {2010}
}

@inproceedings{
raymond2013robust,
    title        = {{Robust tree-structured named entities recognition from speech}},
    author       = {Raymond, Christian},
    booktitle    = {{2013 IEEE International Conference on Acoustics, Speech and Signal Processing}},
    pages        = {8475--8479},
    year         = {2013},
    organization = {IEEE}
}

@article{
rissanen1978modeling,
    title     = {{Modeling by shortest data description}},
    author    = {Rissanen, Jorma},
    journal   = {Automatica},
    volume    = {14},
    number    = {5},
    pages     = {465--471},
    year      = {1978},
    publisher = {Elsevier}
}

@article{
rosenblatt1958perceptron,
    title     = {{The perceptron: a probabilistic model for information storage and organization in the brain.}},
    author    = {Rosenblatt, Frank},
    journal   = {Psychological review},
    volume    = {65},
    number    = {6},
    pages     = {386},
    year      = {1958},
    publisher = {American Psychological Association}
}

@book{
rosset2011entites,
    title     = {{Entités nommées structurées: guide d'annotation Quaero}},
    author    = {Rosset, Sophie and Grouin, Cyril and Zweigenbaum, Pierre},
    year      = {2011},
    publisher = {LIMSI-CNRS}
}

@techreport{
rumelhart1985learning,
    title       = {{Learning internal representations by error propagation}},
    author      = {Rumelhart, David E and Hinton, Geoffrey E and Williams, Ronald J},
    year        = {1985},
    institution = {DTIC Document}
}

@article{
sagot2008sxpipe,
  title={{SxPipe 2: architecture pour le traitement pré-syntaxique de corpus bruts}},
  author={Sagot, Benoît and Boullier, Pierre},
  journal={Traitement Automatique des Langues},
  volume={49},
  number={2},
  pages={155--188},
  year={2008}
}

@inproceedings{
sagot2012aleda,
    title     = {{Aleda, a free large-scale entity database for French}},
    author    = {Sagot, Benoît and Stern, Rosa},
    booktitle = {{LREC 2012: eighth international conference on Language Resources and Evaluation}},
    pages     = {4--pages},
    year      = {2012}
}

@inproceedings{
sagot2012annotation,
    title     = {{Annotation référentielle du Corpus Arboré de Paris 7 en entités nommées}},
    author    = {Sagot, Benoît and Richard, Marion and Stern, Rosa},
    booktitle = {{Traitement Automatique des Langues Naturelles (TALN)}},
    volume    = {2},
    year      = {2012}
}

@inproceedings{
savary2010towards,
  title={{Towards the Annotation of Named Entities in the National Corpus of Polish.}},
  author={Savary, Agata and Waszczuk, Jakub and Przepiórkowski, Adam},
  booktitle={LREC},
  year={2010}
}

@inproceedings{
sekine2002extended,
    title     = {{Extended Named Entity Hierarchy.}},
    author    = {Sekine, Satoshi and Sudo, Kiyoshi and Nobata, Chikashi},
    booktitle = {{LREC}},
    year      = {2002}
}

@inproceedings{
sekine2004,
    author    = {Satoshi Sekine and Chikashi Nobata},
    title     = {{Definition, Dictionaries and Tagger for Extended Named Entity Hierarchy}},
    booktitle = {{LREC}},
    year      = {2004}
}

@inproceedings{
serrano2011extraction,
    title     = {{Extraction de connaissances pour le renseignement en sources ouvertes.}},
    author    = {Serrano, Laurie and Grilheres, Bruno and Bouzid, Maroua and Charnois, Thierry},
    booktitle = {{Workshop SOS'2011 at EGC'2011}},
    year      = {2011}
}

@inproceedings{
settles2008analysis,
    title        = {{An analysis of active learning strategies for sequence labeling tasks}},
    author       = {Settles, Burr and Craven, Mark},
    booktitle    = {{Proceedings of the conference on empirical methods in natural language processing}},
    pages        = {1070--1079},
    year         = {2008},
    organization = {Association for Computational Linguistics}
}

@inproceedings{
settles2011theories,
    title     = {{From theories to queries: Active learning in practice}},
    author    = {Settles, Burr},
    booktitle = {{Active Learning and Experimental Design workshop In conjunction with AISTATS 2010}},
    pages     = {1--18},
    year      = {2011}
}

@InProceedings{
Sha03,
    author    = {Sha, F. and Pereira, F.},
    title     = {{Shallow parsing with conditional random fields}},
    booktitle = {{Proceedings of HLT-NAACL 2003}},
    pages     = {213 -- 220}, 
    year      = {2003},
}

@inproceedings{
socher2011parsing,
    title     = {{Parsing natural scenes and natural language with recursive neural networks}},
    author    = {Socher, Richard and Lin, Cliff C and Manning, Chris and Ng, Andrew Y},
    booktitle = {{Proceedings of the 28th international conference on machine learning (ICML-11)}},
    pages     = {129--136},
    year      = {2011}
}

@inproceedings{
socher2013parsing,
    title     = {{Parsing with Compositional Vector Grammars.}},
    author    = {Socher, Richard and Bauer, John and Manning, Christopher D and Ng, Andrew Y},
    booktitle = {{ACL (1)}},
    pages     = {455--465},
    year      = {2013}
}

@book{
sperberg1994guidelines,
  title={{Guidelines for electronic text encoding and interchange}},
  author={Sperberg-McQueen, C Michael and Burnard, Lou and others},
  volume={1},
  year={1994},
  publisher={Text Encoding Initiative Chicago and Oxford}
}

@inproceedings{
spitz2016terms,
  title={{Terms over LOAD: Leveraging Named Entities for Cross-Document Extraction and Summarization of Events}},
  author={Spitz, Andreas and Gertz, Michael},
  booktitle={Proceedings of the 39th International ACM SIGIR conference on Research and Development in Information Retrieval},
  pages={503--512},
  year={2016},
  organization={ACM}
}

@inproceedings{
srikant1996mining,
    title        = {{Mining sequential patterns: Generalizations and performance improvements}},
    author       = {Srikant, Ramakrishnan and Agrawal, Rakesh},
    booktitle    = {{International Conference on Extending Database Technology}},
    pages        = {1--17},
    year         = {1996},
    organization = {Springer}
}

@phdthesis{
stern2013identification,
  title={{Identification automatique d'entités pour l'enrichissement de contenus textuels}},
  author={Stern, Rosa},
  year={2013},
  school={Université Paris-Diderot-Paris VII}
}

@inproceedings{
surdeanu2013overview,
    title     = {{Overview of the TAC2013 Knowledge Base Population Evaluation: English Slot Filling and Temporal Slot Filling.}},
    author    = {Surdeanu, Mihai},
    booktitle = {{Text Analysis Conference}},
    year      = {2013}
}

@inproceedings{
surdeanu2014overview,
    title     = {{Overview of the English slot filling track at the TAC2014 knowledge base population evaluation}},
    author    = {Surdeanu, Mihai and Ji, Heng},
    booktitle = {{Proc. Text Analysis Conference (TAC2014)}},
    year      = {2014}
}

@article{
sutton2010introduction,
    title   = {{An introduction to conditional random fields}},
    author  = {Sutton, Charles and McCallum, Andrew},
    journal = {arXiv preprint arXiv:1011.4088},
    year    = {2010}
}

@techreport{
sutton2004collective,
    title       = {{Collective segmentation and labeling of distant entities in information extraction}},
    author      = {Sutton, Charles and McCallum, Andrew},
    year        = {2004},
    institution = {MASSACHUSETTS UNIV AMHERST DEPT OF COMPUTER SCIENCE}
}

@article{
svozil1997introduction,
    title     = {{Introduction to multi-layer feed-forward neural networks}},
    author    = {Svozil, Daniel and Kvasnicka, Vladimir and Pospichal, Jiri},
    journal   = {Chemometrics and intelligent laboratory systems},
    volume    = {39},
    number    = {1},
    pages     = {43--62},
    year      = {1997},
    publisher = {Elsevier}
}

@InProceedings{
Tellier12,
    author    = {I. Tellier and D. Duchier and I. Eshkol and A. Courmet and M. Martinet},
    title     = {{Apprentissage automatique d'un chunker pour le français}},
    booktitle = {{Actes de TALN'12, papier court (poster)}},
    year      = {2012}
}

@article{
tellier2012segmenteur,
    title   = {{Un segmenteur-étiqueteur et un chunker pour le français}},
    author  = {Tellier, Isabelle and Dupont, Yoann and Courmet, Arnaud},
    journal = {JEP-TALN-RECITAL 2012},
    pages   = {7},
    year    = {2012}
}

@article{
tellier2013apprentissage,
    title   = {{Apprentissage symbolique et statistique pour le chunking: comparaison et combinaisons}},
    author  = {Tellier, Isabelle and Dupont, Yoann},
    journal = {TALN-RéCITAL 2013},
    pages   = {19},
    year    = {2013}
}

@inproceedings{
tellier2013symbolic,
  title={{How Symbolic Learning Can Help Statistical Learning (and vice versa).}},
  author={Tellier, Isabelle and Dupont, Yoann},
  booktitle={RANLP},
  pages={649--658},
  year={2013}
}

@inproceedings{
tjong2003introduction,
    title        = {{Introduction to the CoNLL-2003 shared task: Language-independent named entity recognition}},
    author       = {Tjong Kim Sang, Erik F and De Meulder, Fien},
    booktitle    = {{Proceedings of the seventh conference on Natural language learning at HLT-NAACL 2003-Volume 4}},
    pages        = {142--147},
    year         = {2003},
    organization = {Association for Computational Linguistics}
}

@inproceedings{
toutanova2003feature,
    title        = {{Feature-rich part-of-speech tagging with a cyclic dependency network}},
    author       = {Toutanova, Kristina and Klein, Dan and Manning, Christopher D and Singer, Yoram},
    booktitle    = {{Proceedings of the 2003 Conference of the North American Chapter of the Association for Computational Linguistics on Human Language Technology-Volume 1}},
    pages        = {173--180},
    year         = {2003},
    organization = {Association for Computational Linguistics}
}

@inproceedings{
Tsuruoka09,
    author    = {Yoshimasa Tsuruoka and Sophia Ananiadou},
    title     = {{Fast Full Parsing by Linear-Chain Conditional Random Fields}},
    booktitle = {{In Proc. of EACL}},
    year      = {2009}
}

@article{
van1979information,
    title     = {{Information retrieval}},
    author    = {Van Rijsbergen, Cornelis Joost},
    year      = {1979},
    publisher = {Butterworths}
}

@article{
van1986non,
    title     = {{A non-classical logic for information retrieval}},
    author    = {Van Rijsbergen, Cornelis J},
    journal   = {The computer journal},
    volume    = {29},
    number    = {6},
    pages     = {481--485},
    year      = {1986},
    publisher = {Br Computer Soc}
}

@article{
vauquois1969dix,
    title   = {{Dix ans d'ATALA: de la traduction automatique au traitement automatique des langues}},
    author  = {Vauquois, B},
    journal = {TA Informations},
    volume  = {2},
    pages   = {57--61},
    year    = {1969}
}

@inproceedings{
vlachos2006bootstrapping,
    title        = {{Bootstrapping and evaluating named entity recognition in the biomedical domain}},
    author       = {Vlachos, Andreas and Gasperin, Caroline},
    booktitle    = {{Proceedings of the HLT-NAACL BioNLP Workshop on Linking Natural Language and Biology}},
    pages        = {138--145},
    year         = {2006},
    organization = {Association for Computational Linguistics}
}

@inproceedings{
virpioja2009unsupervised,
    title        = {{Unsupervised morpheme analysis with Allomorfessor}},
    author       = {Virpioja, Sami and Kohonen, Oskar and Lagus, Krista},
    booktitle    = {{Workshop of the Cross-Language Evaluation Forum for European Languages}},
    pages        = {609--616},
    year         = {2009},
    organization = {Springer}
}

@article{
virpioja2013morfessor,
    title     = {{Morfessor 2.0: Python implementation and extensions for Morfessor Baseline}},
    author    = {Virpioja, Sami and Smit, Peter and Grönroos, Stig-Arne and Kurimo, Mikko and others},
    year      = {2013},
    publisher = {Aalto University}
}

@article{
viterbi1967error,
    title     = {{Error bounds for convolutional codes and an asymptotically optimum decoding algorithm}},
    author    = {Viterbi, Andrew},
    journal   = {IEEE transactions on Information Theory},
    volume    = {13},
    number    = {2},
    pages     = {260--269},
    year      = {1967},
    publisher = {IEEE}
}

@article{
vrandevcic2014wikidata,
    title     = {{Wikidata: a free collaborative knowledgebase}},
    author    = {Vrandečić, Denny and Krötzsch, Markus},
    journal   = {Communications of the ACM},
    volume    = {57},
    number    = {10},
    pages     = {78--85},
    year      = {2014},
    publisher = {ACM}
}

@article{
wang2009pubchem,
    title     = {{PubChem: a public information system for analyzing bioactivities of small molecules}},
    author    = {Wang, Yanli and Xiao, Jewen and Suzek, Tugba O and Zhang, Jian and Wang, Jiyao and Bryant, Stephen H},
    journal   = {Nucleic acids research},
    volume    = {37},
    number    = {suppl 2},
    pages     = {W623--W633},
    year      = {2009},
    publisher = {Oxford Univ Press}
}

@article{
wei2016assessing,
    title       = {{Assessing the state of the art in biomedical relation extraction: overview of the BioCreative V chemical-disease relation (CDR) task}},
    author      = {Wei, Chih-Hsuan and Peng, Yifan and Leaman, Robert and Davis, Allan Peter and Mattingly, Carolyn J and Li, Jiao and Wiegers, Thomas C and Lu, Zhiyong},
    journal     = {Database},
    volume      = {2016},
    year        = {2016},
    publisher   = {Oxford University Press}
}

@incollection{
werbos1982applications,
    title     = {{Applications of advances in nonlinear sensitivity analysis}},
    author    = {Werbos, Paul J},
    booktitle = {{System modeling and optimization}},
    pages     = {762--770},
    year      = {1982},
    publisher = {Springer}
}

@article{
werbos1990backpropagation,
    title     = {{Backpropagation through time: what it does and how to do it}},
    author    = {Werbos, Paul J},
    journal   = {Proceedings of the IEEE},
    volume    = {78},
    number    = {10},
    pages     = {1550--1560},
    year      = {1990},
    publisher = {IEEE}
}

@inproceedings{
yangarber2000automatic,
    title        = {{Automatic acquisition of domain knowledge for information extraction}},
    author       = {Yangarber, Roman and Grishman, Ralph and Tapanainen, Pasi and Huttunen, Silja},
    booktitle    = {{Proceedings of the 18th conference on Computational linguistics-Volume 2}},
    pages        = {940--946},
    year         = {2000},
    organization = {Association for Computational Linguistics}
}

@inproceedings{
xu2013filling,
    title     = {{Filling Knowledge Base Gaps for Distant Supervision of Relation Extraction}},
    author    = {Xu, Wei and Hoffmann, Raphael and Zhao, Le and Grishman, Ralph},
    booktitle = {{ACL (2)}},
    pages     = {665--670},
    year      = {2013}
}

@article{
younger1967recognition,
    title     = {{Recognition and parsing of context-free languages in time n3}},
    author    = {Younger, Daniel H},
    journal   = {Information and control},
    volume    = {10},
    number    = {2},
    pages     = {189--208},
    year      = {1967},
    publisher = {Elsevier}
}

@inproceedings{
yu2007high,
    title        = {{High accuracy postal address extraction from web pages}},
    author       = {Yu, Zheyuan},
    booktitle    = {{Masters Abstracts International}},
    volume       = {45},
    number       = {05},
    year         = {2007},
    organization = {Citeseer}
}

@article{
zaremba2015empirical, % TODO: adresse ?
    title  = {{An empirical exploration of recurrent network architectures}},
    author = {Zaremba, Wojciech},
    year   = {2015}
}

@inproceedings{
Zhang2006,
    author    = {Zhang, Dell and Lee, Wee Sun},
    title     = {{Extracting Key-substring-group Features for Text Classification}},
    booktitle = {{Proceedings of the 12th ACM SIGKDD International Conference on Knowledge Discovery and Data Mining}},
    series    = {KDD '06},
    year      = {2006},
    isbn      = {1-59593-339-5},
    location  = {Philadelphia, PA, USA},
    pages     = {474--483},
    numpages  = {10},
    url       = {http://doi.acm.org/10.1145/1150402.1150455},
    doi       = {10.1145/1150402.1150455},
    acmid     = {1150455},
    publisher = {ACM},
    address   = {New York, NY, USA},
    keywords  = {feature extraction, machine learning, suffix tree, text classification, text mining},
}

@article{
zou2005regularization,
    title     = {{Regularization and variable selection via the elastic net}},
    author    = {Zou, Hui and Hastie, Trevor},
    journal   = {Journal of the Royal Statistical Society: Series B (Statistical Methodology)},
    volume    = {67},
    number    = {2},
    pages     = {301--320},
    year      = {2005},
    publisher = {Wiley Online Library}
}


%
% incollection
%

@incollection{
Abeille03,
   author    = {A. Abeillé and L. Clément and F. Toussenel},
   title     = {{Building a treebank for French}},
   editor    = {A. Abeill\'e},
   booktitle = {{Treebanks}},
   publisher = {Kluwer},
   address   = {Dordrecht}, 
   year      = {2003},
}


%
% miscellaneous
%

@misc{
CRFsuite,
    author = {Naoaki Okazaki},
    title  = {{CRFsuite: a fast implementation of Conditional Random Fields (CRFs)}},
    url    = {http://www.chokkan.org/software/crfsuite/},
    year   = {2007}
}